@String(PAMI  = {IEEE TPAMI})
@String(IJCV  = {IJCV})
@String(CVPR  = {CVPR})
@String(ICCV  = {ICCV})
@String(ECCV  = {ECCV})
@String(NIPS  = {NeurIPS})
@String(ICPR  = {ICPR})
@String(BMVC  =	{BMVC})
@String(TOG   = {ACM TOG})
@String(TIP   = {IEEE TIP})
@String(TVCG  = {IEEE TVCG})
@String(TCSVT = {IEEE TCSVT})
@String(TMM   =	{IEEE TMM})
@String(ACMMM = {ACM MM})
@String(ICME  =	{ICME})
@String(ICASSP=	{ICASSP})
@String(ICIP  = {ICIP})
@String(ACCV  = {ACCV})
@String(ICLR  = {ICLR})
@String(IJCAI = {IJCAI})
@String(PR = {PR})
@String(AAAI = {AAAI})
@String(CVPRW= {CVPRW})
@String(CSVT = {IEEE TCSVT})



@String(PAMI = {IEEE Trans. Pattern Anal. Mach. Intell.})
@String(IJCV = {Int. J. Comput. Vis.})
@String(CVPR= {IEEE Conf. Comput. Vis. Pattern Recog.})
@String(ICCV= {Int. Conf. Comput. Vis.})
@String(ECCV= {Eur. Conf. Comput. Vis.})
@String(NIPS= {Adv. Neural Inform. Process. Syst.})
@String(ICPR = {Int. Conf. Pattern Recog.})
@String(BMVC= {Brit. Mach. Vis. Conf.})
@String(TOG= {ACM Trans. Graph.})
@String(TIP  = {IEEE Trans. Image Process.})
@String(TVCG  = {IEEE Trans. Vis. Comput. Graph.})
@String(TMM  = {IEEE Trans. Multimedia})
@String(ACMMM= {ACM Int. Conf. Multimedia})
@String(ICME = {Int. Conf. Multimedia and Expo})
@String(ICASSP=	{ICASSP})
@String(ICIP = {IEEE Int. Conf. Image Process.})
@String(ACCV  = {ACCV})
@String(ICLR = {Int. Conf. Learn. Represent.})
@String(IJCAI = {IJCAI})
@String(PR   = {Pattern Recognition})
@String(AAAI = {AAAI})
@String(CVPRW= {IEEE Conf. Comput. Vis. Pattern Recog. Worksh.})
@String(CSVT = {IEEE Trans. Circuit Syst. Video Technol.})

@String(SPL	= {IEEE Sign. Process. Letters})
@String(VR   = {Vis. Res.})
@String(JOV	 = {J. Vis.})
@String(TVC  = {The Vis. Comput.})
@String(JCST  = {J. Comput. Sci. Tech.})
@String(CGF  = {Comput. Graph. Forum})
@String(CVM = {Computational Visual Media})





@article{todorov2019automated,
  title={Automated analysis of whole brain vasculature using machine learning},
  author={Todorov, Mihail Ivilinov and Paetzold, Johannes C. and others},
  journal={bioRxiv},
  pages={613257},
  year={2019},
  publisher={Cold Spring Harbor Laboratory}
}

@incollection{phellan2017vascular,
  title={Vascular segmentation in {TOF MRA} images of the brain using a deep convolutional neural network},
  author={Phellan, Renzo and others},
  booktitle={MICCAI Workshop},
  pages={39--46},
  year={2017},
  publisher={Springer}
}

@article{di2018whole,
  title={Whole-brain vasculature reconstruction at the single capillary level},
  author={Di Giovanna, Antonino Paolo and others},
  journal={Scientific reports},
  volume={8},
  number={1},
  pages={12573},
  year={2018},
  publisher={Nature Publishing Group}
}

@article{oner2020promoting,
  title={Promoting Connectivity of Network-Like Structures by Enforcing Region Separation},
  author={Oner, Doruk and Kozi{\'n}ski, Mateusz and Citraro, Leonardo and Dadap, Nathan C and Konings, Alexandra G and Fua, Pascal},
  journal={arXiv preprint arXiv:2009.07011},
  year={2020}
}

@incollection{sudre2017generalised,
  title={Generalised dice overlap as a deep learning loss function for highly unbalanced segmentations},
  author={Sudre, Carole H and others},
  booktitle={MICCAI Workshop},
  pages={240--248},
  year={2017},
  publisher={Springer}
}


@article{erturk2012three,
  title={Three-dimensional imaging of solvent-cleared organs using {3DISCO}},
  author={Ert{\"u}rk, Ali and others},
  journal={Nature Protocols},
  volume={7},
  number={11},
  pages={1983},
  year={2012},
  publisher={Nature Publishing Group}
}


@inproceedings{milletari2016v,
  title={V-net: Fully convolutional neural networks for volumetric medical image segmentation},
  author={Milletari, Fausto and others},
  booktitle={3DV},
  pages={565--571},
  year={2016},
  organization={IEEE}
}


@article{hu2018retinal,
  title={Retinal vessel segmentation of color fundus images using multiscale convolutional neural network with an improved cross-entropy loss function},
  author={Hu, Kai and others},
  journal={Neurocomputing},
  volume={309},
  pages={179--191},
  year={2018},
  publisher={Elsevier}
}


@article{schneider2015joint,
  title={Joint {3-D} vessel segmentation and centerline extraction using oblique {H}ough forests with steerable filters},
  author={Schneider, Matthias and others},
  journal={Med Image Anal.},
  volume={19},
  number={1},
  pages={220--249},
  year={2015},
  publisher={Elsevier}
}
@article{rosenfeld1979digital,
  title={Digital topology},
  author={Rosenfeld, Azriel},
  journal={The American Mathematical Monthly},
  volume={86},
  number={8},
  pages={621--630},
  year={1979},
  publisher={Taylor \& Francis}
}


@inproceedings{gulsun2008robust,
  title={Robust vessel tree modeling},
  author={G{\"u}ls{\"u}n, M Akif and Tek, H{\"u}seyin},
  booktitle={MICCAI},
  pages={602--611},
  year={2008},
  organization={Springer}
}
@article{kirbas2004review,
  title={A review of vessel extraction techniques and algorithms},
  author={Kirbas, Cemil and Quek, Francis},
  journal={CSUR},
  volume={36},
  number={2},
  pages={81--121},
  year={2004},
  publisher={ACM}
}
@article{hunter2012morphological,
  title={Morphological and pathological evolution of the brain microcirculation in aging and {A}lzheimerâ€™s disease},
  author={Hunter, Jesse M and others},
  journal={PloS one},
  volume={7},
  number={5},
  pages={e36893},
  year={2012},
  publisher={Public Library of Science}
}
@techreport{cai2018panoptic,
  title={Panoptic imaging of transparent mice reveals whole-body neuronal projections and skull--meninges connections},
  author={Cai, Ruiyao and others},
  year={2018},
  institution={Nature Publishing Group}
}

@article{joutel2010cerebrovascular,
  title={Cerebrovascular dysfunction and microcirculation rarefaction precede white matter lesions in a mouse genetic model of cerebral ischemic small vessel disease},
  author={Joutel, Anne and others},
  journal={JCI},
  volume={120},
  number={2},
  pages={433--445},
  year={2010},
  publisher={Am Soc Clin Investig}
}
@article{schneider2012tissue,
  title={Tissue metabolism driven arterial tree generation},
  author={Schneider, Matthias and others},
  journal={Med Image Anal.},
  volume={16},
  number={7},
  pages={1397--1414},
  year={2012},
  publisher={Elsevier}
}
@article{tetteh2018deepvesselnet,
  title={Deepvesselnet: Vessel segmentation, centerline prediction, and bifurcation detection in 3-d angiographic volumes},
  author={Tetteh, Giles and others},
  journal={arXiv preprint arXiv:1803.09340},
  year={2018}
}

@inproceedings{sokolova2006beyond,
  title={Beyond accuracy, {F-score and ROC}: a family of discriminant measures for performance evaluation},
  author={Sokolova, Marina and others},
  booktitle={Australasian joint conference on artificial intelligence},
  pages={1015--1021},
  year={2006},
  organization={Springer}
}

@article{taha2015metrics,
  title={Metrics for evaluating {3D} medical image segmentation: analysis, selection, and tool},
  author={Taha, Abdel Aziz and Hanbury, Allan},
  journal={BMC Medical Imaging},
  volume={15},
  number={1},
  pages={29},
  year={2015},
  publisher={BioMed Central}
}

@inproceedings{paetzold2019transfer,
  title={Transfer learning from synthetic data reduces need for labels to segment brain vasculature and neural pathways in 3d},
  author={Paetzold, Johannes C and Schoppe, Oliver and others},
  booktitle={International Conference on Medical Imaging with Deep Learning--Extended Abstract Track},
  year={2019}
}


@inproceedings{navarro2019shape,
  title={Shape-Aware Complementary-Task Learning for Multi-Organ Segmentation},
  author={Navarro, Fernando and Shit, Suprosanna and others},
  booktitle={International Workshop on MLMI},
  pages={620--627},
  year={2019},
  organization={Springer}
}

@inproceedings{cciccek20163d,
  title={{3D U-Net}: learning dense volumetric segmentation from sparse annotation},
  author={{\c{C}}i{\c{c}}ek, {\"O}zg{\"u}n and Aothers},
  booktitle={MICCAI},
  pages={424--432},
  year={2016},
  organization={Springer}
}

@inproceedings{uslu2018multi,
  title={A Multi-task Network to Detect Junctions in Retinal Vasculature},
  author={Uslu, Fatmat{\"u}lzehra and Bharath, Anil Anthony},
  booktitle={MICCAI},
  pages={92--100},
  year={2018},
  organization={Springer}
}

@article{zhang1984fast,
  title={A fast parallel algorithm for thinning digital patterns},
  author={Zhang, TY and Suen, Ching Y.},
  journal={Communications of the ACM},
  volume={27},
  number={3},
  pages={236--239},
  year={1984},
  publisher={ACM}
}
@article{whitehead1949combinatorial,
  title={Combinatorial homotopy. I},
  author={Whitehead, John HC},
  journal={Bulletin of the American Mathematical Society},
  volume={55},
  number={3},
  pages={213--245},
  year={1949}
}

@inproceedings{bian2008harmonic,
  title={Harmonic mean for subspace selection},
  author={Bian, Wei and Tao, Dacheng},
  booktitle={2008 19th International Conference on Pattern Recognition},
  pages={1--4},
  year={2008},
  organization={IEEE}
}


@article{kong1995topology,
  title={On topology preservation in {2-D} and {3-D} thinning},
  author={Kong, T. Yung},
  journal={International journal of pattern recognition and artificial intelligence},
  volume={9},
  number={05},
  pages={813--844},
  year={1995},
  publisher={World Scientific}
}

@article{palagyi20023,
  title={A 3-subiteration {3D} thinning algorithm for extracting medial surfaces},
  author={Pal{\'a}gyi, K{\'a}lm{\'a}n},
  journal={Pattern Recognition Letters},
  volume={23},
  number={6},
  pages={663--675},
  year={2002},
  publisher={Elsevier}
}

@article{lee1994building,
  title={Building skeleton models via {3-D} medial surface axis thinning algorithms},
  author={Lee, Ta-Chih and others},
  journal={CVGIP: Graphical Models and Image Processing},
  volume={56},
  number={6},
  pages={462--478},
  year={1994},
  publisher={Elsevier}
}

@inproceedings{hu2019topology,
  title={Topology-preserving deep image segmentation},
  author={Hu, Xiaoling and others},
  booktitle={NeurIPS},
  pages={5658--5669},
  year={2019}
}

@article{ma1994topology,
  title={On topology preservation in {3D} thinning},
  author={Ma, Cherng Min},
  journal={CVGIP: Image understanding},
  volume={59},
  number={3},
  pages={328--339},
  year={1994},
  publisher={Elsevier}
}

@inproceedings{mosinska2018beyond,
  title={Beyond the pixel-wise loss for topology-aware delineation},
  author={Mosinska, Agata and others},
  booktitle={CVPR},
  pages={3136--3145},
  year={2018}
}

@inproceedings{bentaieb2016topology,
  title={Topology aware fully convolutional networks for histology gland segmentation},
  author={BenTaieb, A{\"\i}cha and Hamarneh, Ghassan},
  booktitle={MICCAI},
  pages={460--468},
  year={2016},
  organization={Springer}
}

@inproceedings{stuhmer2013tree,
  title={Tree shape priors with connectivity constraints using convex relaxation on general graphs},
  author={Stuhmer, Jan and others},
  booktitle={ICCV},
  pages={2336--2343},
  year={2013}
}

@inproceedings{edelsbrunner2000topological,
  title={Topological persistence and simplification},
  author={Edelsbrunner, Herbert and others},
  booktitle={FOCS},
  pages={454--463},
  year={2000},
  organization={IEEE}
}

@book{edelsbrunner2010computational,
  title={Computational topology: an introduction},
  author={Edelsbrunner, Herbert and Harer, John},
  year={2010},
  publisher={American Mathematical Soc.}
}

@article{zeng2008topology,
  title={Topology cuts: A novel min-cut/max-flow algorithm for topology preserving segmentation in N--D images},
  author={Zeng, Yun and others},
  journal={CVIU},
  volume={112},
  number={1},
  pages={81--90},
  year={2008},
  publisher={Elsevier}
}


@inproceedings{nowozin2009global,
  title={Global connectivity potentials for random field models},
  author={Nowozin, Sebastian and Lampert, Christoph H},
  booktitle={CVPR},
  pages={818--825},
  year={2009},
  organization={IEEE}
}

@inproceedings{vicente2008graph,
  title={Graph cut based image segmentation with connectivity priors},
  author={Vicente, Sara and others},
  booktitle={CVPR},
  pages={1--8},
  year={2008},
  organization={IEEE}
}


@inproceedings{andres2011probabilistic,
  title={Probabilistic image segmentation with closedness constraints},
  author={Andres, Bjoern and others},
  booktitle={ICCV},
  pages={2611--2618},
  year={2011},
  organization={IEEE}
}


@inproceedings{oswald2014generalized,
  title={Generalized connectivity constraints for spatio-temporal {3D} reconstruction},
  author={Oswald, Martin Ralf and others},
  booktitle={ECCV},
  pages={32--46},
  year={2014},
  organization={Springer}
}

@article{han2003topology,
  title={A topology preserving level set method for geometric deformable models},
  author={Han, Xiao and others},
  journal={IEEE TPAMI},
  volume={25},
  number={6},
  pages={755--768},
  year={2003},
  publisher={IEEE}
}


@article{segonne2008active,
  title={Active contours under topology controlâ€”genus preserving level sets},
  author={S{\'e}gonne, Florent},
  journal={International Journal of Computer Vision},
  volume={79},
  number={2},
  pages={107--117},
  year={2008},
  publisher={Springer}
}

@article{le2008self,
  title={Self-repelling snakes for topology-preserving segmentation models},
  author={Le Guyader, Carole and Vese, Luminita A},
  journal={IEEE TIP},
  volume={17},
  number={5},
  pages={767--779},
  year={2008},
  publisher={IEEE}
}

@inproceedings{wegner2013higher,
  title={A higher-order {CRF} model for road network extraction},
  author={Wegner, Jan D and others},
  booktitle={CVPR},
  pages={1698--1705},
  year={2013},
  organization={IEEE}
}

@article{turetken2016reconstructing,
  title={Reconstructing curvilinear networks using path classifiers and integer programming},
  author={T{\"u}retken, Engin and others},
  journal={IEEE TPAMI},
  volume={38},
  number={12},
  pages={2515--2530},
  year={2016},
  publisher={IEEE}
}

@inproceedings{ronneberger2015u,
  title={U-net: Convolutional networks for biomedical image segmentation},
  author={Ronneberger, Olaf and others},
  booktitle={MICCAI},
  pages={234--241},
  year={2015},
  organization={Springer}
}

@article{zhao2020cellular,
  title={Cellular and Molecular Probing of Intact Human Organs},
  author={Zhao, Shan and others},
  journal={Cell},
  year={2020},
  publisher={Elsevier}
}


@article{shih1995skeletonization,
  title={A skeletonization algorithm by maxima tracking on Euclidean distance transform},
  author={Shih, Frank Y and Pu, Christopher C},
  journal={Pattern Recognition},
  volume={28},
  number={3},
  pages={331--341},
  year={1995},
  publisher={Elsevier}
}

@article{wright1995skeletonization,
  title={Skeletonization using an extended Euclidean distance transform},
  author={Wright, Mark W and others},
  journal={Image and Vision Computing},
  volume={13},
  number={5},
  pages={367--375},
  year={1995},
  publisher={Elsevier}
}


@article{kong1989digital,
  title={Digital topology: Introduction and survey},
  author={Kong, T Yung and Rosenfeld, Azriel},
  journal={Computer Vision, Graphics, and Image Processing},
  volume={48},
  number={3},
  pages={357--393},
  year={1989},
  publisher={Elsevier}
}

@inproceedings{rempfler2017efficient,
  title={Efficient algorithms for moral lineage tracing},
  author={Rempfler, Markus and others},
  booktitle={ICCV},
  pages={4695--4704},
  year={2017}
}


@article{de2018clinically,
  title={Clinically applicable deep learning for diagnosis and referral in retinal disease},
  author={De Fauw, Jeffrey and others},
  journal={Nature medicine},
  volume={24},
  number={9},
  pages={1342--1350},
  year={2018},
  publisher={Nature Publishing Group}
}

@phdthesis{MnihThesis,
    author = {Volodymyr Mnih},
    title = {Machine Learning for Aerial Image Labeling},
    school = {University of Toronto},
    year = {2013}
}

@article{yan2017skeletal,
  title={A skeletal similarity metric for quality evaluation of retinal vessel segmentation},
  author={Yan, Zengqiang and others},
  journal={IEEE TMI},
  volume={37},
  number={4},
  pages={1045--1057},
  year={2017},
  publisher={IEEE}
}

@inproceedings{gerlRSOM,
  title={A distance-based loss for smooth and continuous skin layer segmentation in optoacoustic images},
  author={Gerl, Stefan and others},
  booktitle={International Conference on Medical Image Computing and Computer-Assisted Intervention},
  pages={309--319},
  year={2020},
  organization={Springer}
}



@book{aleksandrov1998combinatorial,
  title={Combinatorial topology},
  author={Aleksandrov, Pavel S},
  volume={1},
  year={1998},
  publisher={Courier Corporation}
}


@inproceedings{citrarotowards,
  title={Towards Reliable Evaluation of Algorithms for Road Network Reconstruction from Aerial Images},
  author={Citraro, Leonardo and Kozi{\'n}ski, Mateusz and Fua, Pascal},
  booktitle={European Conference on Computer Vision},
  pages={703--719},
  year={2020},
  organization={Springer}
}


@article{mosinska2019joint,
  title={Joint Segmentation and Path Classification of Curvilinear Structures},
  author={Mosinska, Agata and Kozi{\'n}ski, Mateusz and Fua, Pascal},
  journal={IEEE Transactions on Pattern Analysis and Machine Intelligence},
  volume={42},
  number={6},
  pages={1515--1521},
  year={2019},
  publisher={IEEE}
}

@article{vasu2020topoal,
  title={TopoAL: An Adversarial Learning Approach for Topology-Aware Road Segmentation},
  author={Vasu, Subeesh and Kozinski, Mateusz and Citraro, Leonardo and Fua, Pascal},
  journal={arXiv preprint arXiv:2007.09084},
  year={2020}
}


@article{clough2020topological,
  title={A topological loss function for deep-learning based image segmentation using persistent homology},
  author={Clough, James and Byrne, Nicholas and Oksuz, Ilkay and Zimmer, Veronika A and Schnabel, Julia A and King, Andrew},
  journal={IEEE Transactions on Pattern Analysis and Machine Intelligence},
  year={2020},
  publisher={IEEE}
}

@inproceedings{araujo2019deep,
  title={A deep learning design for improving topology coherence in blood vessel segmentation},
  author={Ara{\'u}jo, Ricardo J and Cardoso, Jaime S and Oliveira, H{\'e}lder P},
  booktitle={International Conference on Medical Image Computing and Computer-Assisted Intervention},
  pages={93--101},
  year={2019},
  organization={Springer}
}
@article{staal2004ridge,
  title={Ridge-based vessel segmentation in color images of the retina},
  author={Staal, Joes and Abr{\`a}moff, Michael D and Niemeijer, Meindert and Viergever, Max A and Van Ginneken, Bram},
  journal={IEEE transactions on medical imaging},
  volume={23},
  number={4},
  pages={501--509},
  year={2004},
  publisher={IEEE}
}

@article{Funke_2019,
   title={Large Scale Image Segmentation with Structured Loss Based Deep Learning for Connectome Reconstruction},
   volume={41},
   ISSN={1939-3539},
   url={http://dx.doi.org/10.1109/TPAMI.2018.2835450},
   DOI={10.1109/tpami.2018.2835450},
   number={7},
   journal={IEEE Transactions on Pattern Analysis and Machine Intelligence},
   publisher={Institute of Electrical and Electronics Engineers (IEEE)},
   author={Funke, Jan and Tschopp, Fabian and Grisaitis, William and Sheridan, Arlo and Singh, Chandan and Saalfeld, Stephan and Turaga, Srinivas C.},
   year={2019},
   month={Jul},
   pages={1669â€“1680}
}


@inproceedings{jin20173d,
  title={3D convolutional neural networks with graph refinement for airway segmentation using incomplete data labels},
  author={Jin, Dakai and Xu, Ziyue and Harrison, Adam P and George, Kevin and Mollura, Daniel J},
  booktitle={International Workshop on Machine Learning in Medical Imaging},
  pages={141--149},
  year={2017},
  organization={Springer}
}


@article{kong2020learning,
  title={Learning tree-structured representation for 3D coronary artery segmentation},
  author={Kong, Bin and Wang, Xin and Bai, Junjie and Lu, Yi and Gao, Feng and Cao, Kunlin and Xia, Jun and Song, Qi and Yin, Youbing},
  journal={Computerized Medical Imaging and Graphics},
  volume={80},
  pages={101688},
  year={2020},
  publisher={Elsevier}
}

@inproceedings{wu2016deep,
  title={Deep vessel tracking: A generalized probabilistic approach via deep learning},
  author={Wu, Aaron and Xu, Ziyue and Gao, Mingchen and Buty, Mario and Mollura, Daniel J},
  booktitle={2016 IEEE 13th International Symposium on Biomedical Imaging (ISBI)},
  pages={1363--1367},
  year={2016},
  organization={IEEE}
}

@article{belli2019image,
  title={Image-Conditioned Graph Generation for Road Network Extraction},
  author={Belli, Davide and Kipf, Thomas},
  journal={arXiv preprint arXiv:1910.14388},
  year={2019}
}

@inproceedings{gur2019unsupervised,
	title={Unsupervised microvascular image segmentation using an active contours mimicking neural network},
	author={Gur, Shir and Wolf, Lior and Golgher, Lior and Blinder, Pablo},
	booktitle={Proceedings of the IEEE/CVF International Conference on Computer Vision},
	pages={10722--10731},
	year={2019}
}

